@Manual{nlme2018,
  title = {{nlme}: Linear and Nonlinear Mixed Effects Models},
  author = {Jose Pinheiro and Douglas Bates and Saikat DebRoy and
    Deepayan Sarkar and {R Core Team}},
  year = {2018},
  note = {R package version 3.1-137},
  url = {https://CRAN.R-project.org/package=nlme},
}

@article{peirce2007psychopy,
  title={{PsychoPy}--psychophysics software in {Python}},
  author={Peirce, Jonathan W},
  journal={Journal of neuroscience methods},
  volume={162},
  number={1-2},
  pages={8--13},
  year={2007},
  publisher={Elsevier}
}

@article{gao2015pycortex,
  title={Pycortex: an interactive surface visualizer for {fMRI}},
  author={Gao, James S and Huth, Alexander G and Lescroart, Mark D and Gallant, Jack L},
  journal={Frontiers in neuroinformatics},
  volume={9},
  pages={23},
  year={2015},
  publisher={Frontiers}
}

% motor decoding

@article{diedrichsen2012two,
  title={Two distinct ipsilateral cortical representations for individuated finger movements},
  author={Diedrichsen, J{\"o}rn and Wiestler, Tobias and Krakauer, John W},
  journal={Cerebral Cortex},
  volume={23},
  number={6},
  pages={1362--1377},
  year={2012},
  publisher={Oxford University Press}
}

@article{ejaz2015hand,
  title={Hand use predicts the structure of representations in sensorimotor cortex},
  author={Ejaz, Naveed and Hamada, Masashi and Diedrichsen, J{\"o}rn},
  journal={Nature neuroscience},
  volume={18},
  number={7},
  pages={1034},
  year={2015},
  publisher={Nature Publishing Group}
}

@article{wiestler2013skill,
  title={Skill learning strengthens cortical representations of motor sequences},
  author={Wiestler, Tobias and Diedrichsen, J{\"o}rn},
  journal={Elife},
  volume={2},
  year={2013},
  publisher={eLife Sciences Publications, Ltd}
}

@article{wiestler2014effector,
  title={Effector-independent motor sequence representations exist in extrinsic and intrinsic reference frames},
  author={Wiestler, Tobias and Waters-Metenier, Sheena and Diedrichsen, J{\"o}rn},
  journal={Journal of Neuroscience},
  volume={34},
  number={14},
  pages={5054--5064},
  year={2014},
  publisher={Soc Neuroscience}
}

@article{yokoi2018role,
  title={The role of human primary motor cortex in the production of skilled finger sequences},
  author={Yokoi, Atsushi and Arbuckle, Spencer A and Diedrichsen, J{\"o}rn},
  journal={Journal of Neuroscience},
  volume={38},
  number={6},
  pages={1430--1442},
  year={2018},
  publisher={Soc Neuroscience}
}

@article{ejaz2018evidence,
  title={Evidence for a subcortical origin of mirror movements after stroke: a longitudinal study},
  author={Ejaz, Naveed and Xu, Jing and Branscheidt, Meret and Hertler, Benjamin and Schambra, Heidi and Widmer, Mario and Faria, Andreia V and Harran, Michelle D and Cortes, Juan C and Kim, Nathan and others},
  journal={Brain},
  volume={141},
  number={3},
  pages={837--847},
  year={2018},
  publisher={Oxford University Press}
}

@article {Raghavan2005patterns,
  author = {Raghavan, Preeti and Petra, Electra and Krakauer, John W. and Gordon, Andrew M.},
  title = {Patterns of Impairment in Digit Independence After Subcortical Stroke},
  volume = {95},
  number = {1},
  pages = {369--378},
  year = {2005},
  doi = {10.1152/jn.00873.2005},
  publisher = {American Physiological Society},
  abstract = {The nature of impairment in hand motor control after stroke and its relationship to hand function are still not well understood. In this study, we investigated digit independence in patients with subcortical stroke (n = 8) and moderate hand impairment, defined by wrist and hand Fugl-Meyer scale scores <=25/33, and age-matched controls (n = 8). Subjects made cyclical flexion-extension movements of an instructed digit while keeping the other digits as still as possible. Movements of the metacarpo-phalangeal (MCP) joints of the five digits were measured using an instrumented glove. The ability to move an instructed digit individually (individuation index), and the ability to keep a noninstructed digit as still as possible (stationarity index) were determined for each digit. Contrary to the finding of normal thumb individuation in a recent study of patients with variable hand motor impairment after stroke, we found that independent movement for all digits was significantly impaired, although individuation and stationarity were differentially affected for each digit. All the digits, including the thumb, showed a similar impairment in individuation. In contrast, stationarity was affected in a digit-dependent pattern: the thumb was affected least, and the middle finger was most impaired. Stroke subjects did not extend their digits fully to the baseline position, and the angular displacement at maximum digit extension correlated significantly with digit individuation. Contrary to expectation, digit independence correlated weakly with clinical tests of hand function, which emphasize grasp. This suggests that corticospinal projections might be separated with respect to function rather than finger topography.},
  issn = {0022-3077},
  URL = {http://jn.physiology.org/content/95/1/369},
  eprint = {http://jn.physiology.org/content/95/1/369.full.pdf},
  journal = {Journal of Neurophysiology}
}

@article{besle2013single,
  title={Single-subject {fMRI} mapping at {7 T} of the representation of fingertips in {S1}: a comparison of event-related and phase-encoding designs},
  author={Besle, Julien and S{\'a}nchez-Panchuelo, Rosa-Maria and Bowtell, Richard and Francis, Susan and Schluppeck, Denis},
  journal={Journal of neurophysiology},
  volume={109},
  number={9},
  pages={2293--2305},
  year={2013},
  publisher={American Physiological Society Bethesda, MD}
}

@article{kolasinski2016investigating,
  title={Investigating the stability of fine-grain digit somatotopy in individual human participants},
  author={Kolasinski, James and Makin, Tamar R and Jbabdi, Saad and Clare, Stuart and Stagg, Charlotte J and Johansen-Berg, Heidi},
  journal={Journal of Neuroscience},
  volume={36},
  number={4},
  pages={1113--1127},
  year={2016},
  publisher={Soc Neuroscience}
}

% motor neurofeedback

@article{yoo2002functional,
  title={Functional {MRI} for neurofeedback: feasibility study on a hand motor task},
  author={Yoo, Seung-Schik and Jolesz, Ferenc A},
  journal={Neuroreport},
  volume={13},
  number={11},
  pages={1377--1381},
  year={2002},
  publisher={LWW}
}

@article{nelson2007role,
  title={The role of biofeedback in stroke rehabilitation: past and future directions},
  author={Nelson, Lonnie A},
  journal={Topics in stroke rehabilitation},
  volume={14},
  number={4},
  pages={59--66},
  year={2007},
  publisher={Taylor \& Francis}
} 

@article{subramanian2011real,
  title={Real-time functional magnetic resonance imaging neurofeedback for treatment of Parkinson's disease},
  author={Subramanian, Leena and Hindle, John V and Johnston, Stephen and Roberts, Mark V and Husain, Masud and Goebel, Rainer and Linden, David},
  journal={Journal of Neuroscience},
  volume={31},
  number={45},
  pages={16309--16317},
  year={2011},
  publisher={Soc Neuroscience}
}

@article{blefari2015improvement,
  title={Improvement in precision grip force control with self-modulation of primary motor cortex during motor imagery},
  author={Blefari, Maria L and Sulzer, James and Hepp-Reymond, Marie-Claude and Kollias, Spyros and Gassert, Roger},
  journal={Frontiers in behavioral neuroscience},
  volume={9},
  pages={18},
  year={2015},
  publisher={Frontiers}
}

@article{bray2007direct,
  title={Direct instrumental conditioning of neural activity using functional magnetic resonance imaging-derived reward feedback},
  author={Bray, Signe and Shimojo, Shinsuke and O'Doherty, John P},
  journal={Journal of Neuroscience},
  volume={27},
  number={28},
  pages={7498--7507},
  year={2007},
  publisher={Soc Neuroscience}
}

@article{friesen2017combined,
  title={Combined action observation and motor imagery neurofeedback for modulation of brain activity},
  author={Friesen, Christopher L and Bardouille, Timothy and Neyedli, Heather F and Boe, Shaun G},
  journal={Frontiers in human neuroscience},
  volume={10},
  pages={692},
  year={2017},
  publisher={Frontiers}
}

@article{chiew2012investigation,
  title={Investigation of {fMRI} neurofeedback of differential primary motor cortex activity using kinesthetic motor imagery},
  author={Chiew, Mark and LaConte, Stephen M and Graham, Simon J},
  journal={Neuroimage},
  volume={61},
  number={1},
  pages={21--31},
  year={2012},
  publisher={Elsevier}
}

@article{ruiz2014real,
  title={Real-time {fMRI} brain computer interfaces: self-regulation of single brain regions to networks},
  author={Ruiz, Sergio and Buyukturkoglu, Korhan and Rana, Mohit and Birbaumer, Niels and Sitaram, Ranganatha},
  journal={Biological psychology},
  volume={95},
  pages={4--20},
  year={2014},
  publisher={Elsevier}
}

@article{laconte2007real,
  title={Real-time {fMRI} using brain-state classification},
  author={LaConte, Stephen M and Peltier, Scott J and Hu, Xiaoping P},
  journal={Human brain mapping},
  volume={28},
  number={10},
  pages={1033--1044},
  year={2007},
  publisher={Wiley Online Library}
}

% neurofeedback methods

@article{shibata2011perceptual,
  title={Perceptual learning incepted by decoded {fMRI} neurofeedback without stimulus presentation},
  author={Shibata, Kazuhisa and Watanabe, Takeo and Sasaki, Yuka and Kawato, Mitsuo},
  journal={science},
  volume={334},
  number={6061},
  pages={1413--1415},
  year={2011},
  publisher={American Association for the Advancement of Science}
}

@article{amano2016learning,
  title={Learning to associate orientation with color in early visual areas by associative decoded {fMRI} neurofeedback},
  author={Amano, Kaoru and Shibata, Kazuhisa and Kawato, Mitsuo and Sasaki, Yuka and Watanabe, Takeo},
  journal={Current Biology},
  volume={26},
  number={14},
  pages={1861--1866},
  year={2016},
  publisher={Elsevier}
}

@article{taschereau2018towards,
  title={Towards an unconscious neural reinforcement intervention for common fears},
  author={Taschereau-Dumouchel, Vincent and Cortese, Aurelio and Chiba, Toshinori and Knotts, JD and Kawato, Mitsuo and Lau, Hakwan},
  journal={Proceedings of the National Academy of Sciences},
  volume={115},
  number={13},
  pages={3470--3475},
  year={2018},
  publisher={National Acad Sciences}
}

@article{koizumi2017fear,
  title={Fear reduction without fear through reinforcement of neural activity that bypasses conscious exposure},
  author={Koizumi, Ai and Amano, Kaoru and Cortese, Aurelio and Shibata, Kazuhisa and Yoshida, Wako and Seymour, Ben and Kawato, Mitsuo and Lau, Hakwan},
  journal={Nature human behaviour},
  volume={1},
  number={1},
  pages={0006},
  year={2017},
  publisher={Nature Publishing Group}
}

@incollection{allison2010could,
  title={Could anyone use a {BCI?}},
  author={Allison, Brendan Z and Neuper, Christa},
  booktitle={Brain-computer interfaces},
  pages={35--54},
  year={2010},
  publisher={Springer}
}

@article{hammer2012psychological,
  title={Psychological predictors of {SMR-BCI} performance},
  author={Hammer, Eva Maria and Halder, Sebastian and Blankertz, Benjamin and Sannelli, Claudia and Dickhaus, Thorsten and Kleih, Sonja and M{\"u}ller, Klaus-Robert and K{\"u}bler, Andrea},
  journal={Biological psychology},
  volume={89},
  number={1},
  pages={80--86},
  year={2012},
  publisher={Elsevier}
}

@article{shibata2016differential,
  title={Differential activation patterns in the same brain region led to opposite emotional states},
  author={Shibata, Kazuhisa and Watanabe, Takeo and Kawato, Mitsuo and Sasaki, Yuka},
  journal={PLoS biology},
  volume={14},
  number={9},
  pages={e1002546},
  year={2016},
  publisher={Public Library of Science}
}

@article{cortese2016multivoxel,
  title={Multivoxel neurofeedback selectively modulates confidence without changing perceptual performance},
  author={Cortese, Aurelio and Amano, Kaoru and Koizumi, Ai and Kawato, Mitsuo and Lau, Hakwan},
  journal={Nature communications},
  volume={7},
  pages={13669},
  year={2016},
  publisher={Nature Publishing Group}
}

@article{oblak2017self,
  title={Self-regulation strategy, feedback timing and hemodynamic properties modulate learning in a simulated {fMRI} neurofeedback environment},
  author={Oblak, Ethan F and Lewis-Peacock, Jarrod A and Sulzer, James S},
  journal={PLoS computational biology},
  volume={13},
  number={7},
  pages={e1005681},
  year={2017},
  publisher={Public Library of Science}
}

@article{decharms2005control,
  title={Control over brain activation and pain learned by using real-time functional {MRI}},
  author={deCharms, Christopher R and Maeda, Fumiko and Glover, Gary H and Ludlow, David and Pauly, John M and Soneji, Deepak and Gabrieli, John DE and Mackey, Sean C},
  journal={Proceedings of the National Academy of Sciences of the United States of America},
  volume={102},
  number={51},
  pages={18626--18631},
  year={2005},
  publisher={National Acad Sciences}
}

@article{debettencourt2015closed,
  title={Closed-loop training of attention with real-time brain imaging},
  author={deBettencourt, Megan T and Cohen, Jonathan D and Lee, Ray F and Norman, Kenneth A and Turk-Browne, Nicholas B and others},
  journal={Nature neuroscience},
  volume={18},
  number={3},
  pages={470},
  year={2015},
  publisher={Nature Publishing Group}
}

@article{tong2003primary,
  title={Primary visual cortex and visual awareness},
  author={Tong, Frank},
  journal={Nature Reviews Neuroscience},
  volume={4},
  number={3},
  pages={219--229},
  year={2003},
  publisher={Nature Publishing Group}
}

@article{watanabe2017advances,
  title={Advances in {fMRI} real-time neurofeedback},
  author={Watanabe, Takeo and Sasaki, Yuka and Shibata, Kazuhisa and Kawato, Mitsuo},
  journal={Trends in cognitive sciences},
  year={2017},
  publisher={Elsevier}
}

@article{hanke2009pymvpa,
  title={{PyMVPA}: a python toolbox for multivariate pattern analysis of {fMRI} data},
  author={Hanke, Michael and Halchenko, Yaroslav O and Sederberg, Per B and Hanson, Stephen Jos{\'e} and Haxby, James V and Pollmann, Stefan},
  journal={Neuroinformatics},
  volume={7},
  number={1},
  pages={37--53},
  year={2009},
  publisher={Springer}
}

@article{sulzer2013real,
  title={Real-time {fMRI} neurofeedback: progress and challenges},
  author={Sulzer, James and Haller, Sven and Scharnowski, Frank and Weiskopf, Nikolaus and Birbaumer, Niels and Blefari, Maria Laura and Bruehl, Annette B and Cohen, Leonardo G and Gassert, R and Goebel, R and others},
  journal={Neuroimage},
  volume={76},
  pages={386--399},
  year={2013},
  publisher={Elsevier}
}

@article{weiskopf2004principles,
  title={Principles of a brain-computer interface ({BCI}) based on real-time functional magnetic resonance imaging ({fMRI})},
  author={Weiskopf, Nikolaus and Mathiak, Klaus and Bock, Simon W and Scharnowski, Frank and Veit, Ralf and Grodd, Wolfgang and Goebel, Rainer and Birbaumer, Niels},
  journal={IEEE transactions on biomedical engineering},
  volume={51},
  number={6},
  pages={966--970},
  year={2004},
  publisher={IEEE}
}

@article{sitaram2017closed,
  title={Closed-loop brain training: the science of neurofeedback},
  author={Sitaram, Ranganatha and Ros, Tomas and Stoeckel, Luke and Haller, Sven and Scharnowski, Frank and Lewis-Peacock, Jarrod and Weiskopf, Nikolaus and Blefari, Maria Laura and Rana, Mohit and Oblak, Ethan and others},
  journal={Nature Reviews Neuroscience},
  volume={18},
  number={2},
  pages={86},
  year={2017},
  publisher={Nature Publishing Group}
}

@article{thibault2017neurofeedback,
  title={Neurofeedback with {fMRI}: A critical systematic review},
  author={Thibault, Robert T and MacPherson, Amanda and Lifshitz, Michael and Roth, Raquel R and Raz, Amir},
  journal={NeuroImage},
  year={2017},
  publisher={Elsevier}
}

% imaging tools

@Article{dale1999cortical,
      AUTHOR = "Dale, Anders and Fischl, Bruce and Sereno, Martin I.",
      TITLE = "Cortical Surface-Based Analysis: I. Segmentation and Surface Reconstruction",
      YEAR = "1999",
      JOURNAL = "NeuroImage",
      VOLUME = "9",
      NUMBER = "2",
      PAGES = "179 - 194",
      ANNOTE = "DOI: 10.1006/nimg.1998.0395"
}

% decoding

@article{norman2006beyond,
  title={Beyond mind-reading: multi-voxel pattern analysis of {fMRI} data},
  author={Norman, Kenneth A and Polyn, Sean M and Detre, Greg J and Haxby, James V},
  journal={Trends in cognitive sciences},
  volume={10},
  number={9},
  pages={424--430},
  year={2006},
  publisher={Elsevier}
}

@article{krishnapuram2005sparse,
  title={Sparse multinomial logistic regression: Fast algorithms and generalization bounds},
  author={Krishnapuram, Balaji and Carin, Lawrence and Figueiredo, Mario AT and Hartemink, Alexander J},
  journal={IEEE transactions on pattern analysis and machine intelligence},
  volume={27},
  number={6},
  pages={957--968},
  year={2005},
  publisher={IEEE}
}

@article{haxby2014decoding,
  title={Decoding neural representational spaces using multivariate pattern analysis},
  author={Haxby, James V and Connolly, Andrew C and Guntupalli, J Swaroop},
  journal={Annual review of neuroscience},
  volume={37},
  pages={435--456},
  year={2014},
  publisher={Annual Reviews}
}

@article{lewis2014multi,
  title={Multi-voxel pattern analysis of {fMRI} data},
  author={Lewis-Peacock, Jarrod A and Norman, Kenneth A},
  journal={The cognitive neurosciences},
  pages={911--920},
  year={2014},
  publisher={MIT Press Cambridge, MA}
}

@article{haxby2001distributed,
  title={Distributed and overlapping representations of faces and objects in ventral temporal cortex},
  author={Haxby, James V and Gobbini, M Ida and Furey, Maura L and Ishai, Alumit and Schouten, Jennifer L and Pietrini, Pietro},
  journal={Science},
  volume={293},
  number={5539},
  pages={2425--2430},
  year={2001},
  publisher={American Association for the Advancement of Science}
}

@article{mcduff2009multivoxel,
  title={Multivoxel pattern analysis reveals increased memory targeting and reduced use of retrieved details during single-agenda source monitoring},
  author={McDuff, Susan GR and Frankel, Hillary C and Norman, Kenneth A},
  journal={Journal of Neuroscience},
  volume={29},
  number={2},
  pages={508--516},
  year={2009},
  publisher={Soc Neuroscience}
}

@article{kornysheva2014human,
  title={Human premotor areas parse sequences into their spatial and temporal features},
  author={Kornysheva, Katja and Diedrichsen, J{\"o}rn},
  journal={Elife},
  volume={3},
  pages={e03043},
  year={2014},
  publisher={eLife Sciences Publications Limited}
}

@article{kamitani2005decoding,
  title={Decoding the visual and subjective contents of the human brain},
  author={Kamitani, Yukiyasu and Tong, Frank},
  journal={Nature neuroscience},
  volume={8},
  number={5},
  pages={679--685},
  year={2005},
  publisher={Nature Publishing Group}
}

@article{haynes2005predicting,
  title={Predicting the orientation of invisible stimuli from activity in human primary visual cortex},
  author={Haynes, John-Dylan and Rees, Geraint},
  journal={Nature neuroscience},
  volume={8},
  number={5},
  pages={686--691},
  year={2005},
  publisher={Nature Publishing Group}
}

@article{walsh2000transcranial,
  title={Transcranial magnetic stimulation and cognitive neuroscience},
  author={Walsh, Vincent and Cowey, Alan},
  journal={Nature Reviews Neuroscience},
  volume={1},
  number={1},
  pages={73--80},
  year={2000},
  publisher={Nature Publishing Group}
}

@article{brunoni2012clinical,
  title={Clinical research with transcranial direct current stimulation ({tDCS}): challenges and future directions},
  author={Brunoni, Andre Russowsky and Nitsche, Michael A and Bolognini, Nadia and Bikson, Marom and Wagner, Tim and Merabet, Lotfi and Edwards, Dylan J and Valero-Cabre, Antoni and Rotenberg, Alexander and Pascual-Leone, Alvaro and others},
  journal={Brain stimulation},
  volume={5},
  number={3},
  pages={175--195},
  year={2012},
  publisher={Elsevier}
}
