# motor decoding

@article{diedrichsen2012two,
  title={Two distinct ipsilateral cortical representations for individuated finger movements},
  author={Diedrichsen, J{\"o}rn and Wiestler, Tobias and Krakauer, John W},
  journal={Cerebral Cortex},
  volume={23},
  number={6},
  pages={1362--1377},
  year={2012},
  publisher={Oxford University Press}
}

@article{wiestler2013skill,
  title={Skill learning strengthens cortical representations of motor sequences},
  author={Wiestler, Tobias and Diedrichsen, J{\"o}rn},
  journal={Elife},
  volume={2},
  year={2013},
  publisher={eLife Sciences Publications, Ltd}
}

@article{ejaz2015hand,
  title={Hand use predicts the structure of representations in sensorimotor cortex},
  author={Ejaz, Naveed and Hamada, Masashi and Diedrichsen, J{\"o}rn},
  journal={Nature neuroscience},
  volume={18},
  number={7},
  pages={1034},
  year={2015},
  publisher={Nature Publishing Group}
}

@article{ejaz2018evidence,
  title={Evidence for a subcortical origin of mirror movements after stroke: a longitudinal study},
  author={Ejaz, Naveed and Xu, Jing and Branscheidt, Meret and Hertler, Benjamin and Schambra, Heidi and Widmer, Mario and Faria, Andreia V and Harran, Michelle D and Cortes, Juan C and Kim, Nathan and others},
  journal={Brain},
  volume={141},
  number={3},
  pages={837--847},
  year={2018},
  publisher={Oxford University Press}
}

# fiber-optic sensors

@article{arata2013mri,
  title={{MRI}-compatible grasping force sensor with an inclined double parallel structure using fiber optics},
  author={Arata, Jumpei and Terakawa, Shogo and Sulzer, James and Gassert, Roger and Fujimoto, Hideo},
  journal={Transactions of the Institute of Systems, Control and Information Engineers},
  volume={26},
  number={3},
  pages={110--116},
  year={2013},
  publisher={THE INSTITUTE OF SYSTEMS, CONTROL AND INFORMATION ENGINEERS (ISCIE)}
}

@inproceedings{butzer2015design,
  title={Design and evaluation of a compact, integrated {fMRI}-compatible force sensor printed by additive manufacturing},
  author={B{\"u}tzer, Tobias and Vigaru, Bogdan and Gassert, Roger},
  booktitle={World Haptics Conference (WHC), 2015 IEEE},
  pages={158--164},
  year={2015},
  organization={IEEE}
}

@inproceedings{han2017mri,
  title={An {MRI}-compatible force sensor for measuring differential isometric precision grip force},
  author={Han, Chungmin and Oblak, Ethan and Abraham, Larry and Ferrari, Paul and McManis, Mark and Schnyer, David and Sulzer, James},
  booktitle={Engineering in Medicine and Biology Society (EMBC), 2017 39th Annual International Conference of the IEEE},
  pages={791--794},
  year={2017},
  organization={IEEE}
}
